@misc
{njordgit,
author={},
title={Réperoire \textsc{G}it du projet \textsc{N}jörd},
month={},
year={},
note={https://github.com/NjordProject}
}

@misc
{njordblog,
author={},
title={Blog du projet \textsc{N}jörd},
month={},
year={},
note={http://njordproject.github.io/}
}

@misc
{faclab,
author={},
title={Site \textsc{I}nternet du \textsc{F}aclab},
month={},
year={},
note={http://www.faclab.org/}
}

@misc
{bitcraze,
author={},
title={Site \textsc{I}nternet de \textsc{B}itcraze},
month={},
year={},
note={http://www.bitcraze.se/}
}


@misc
{redis,
author={},
title={Site \textsc{I}nternet de \textsc{R}edis},
month={},
year={},
note={http://redis.io/}
}

@misc
{numpy,
author={},
title={Site \textsc{I}nternet de \textsc{N}umpy},
month={},
year={},
note={http://www.numpy.org/}
}

@misc
{matplotlib,
author={},
title={Site \textsc{I}nternet de \textsc{M}at\textsc{P}lot\textsc{L}ib},
month={},
year={},
note={http://matplotlib.org/}
}

@misc
{python,
author={},
title={Site \textsc{I}nternet de \textsc{P}ython},
month={},
year={},
note={https://www.python.org/}
}

@misc
{triangulation,
author={},
title={Page \textsc{W}ikipédia sur le principe de triangulation},
month={},
year={},
note={http://fr.wikipedia.org/wiki/Triangulation}
}

@misc
{jeff_rowberg_lib,
author={},
title={GitHub de \textsc{Jeff} \textsc{Rowberg}},
month={},
year={},
note={https://github.com/jrowberg}
}

@misc
{radiohead,
author={},
title={Site \textsc{I}nternet de la bibliothèque \textsc{R}adio\textsc{H}ead},
month={},
year={},
note={http://www.airspayce.com/mikem/arduino/RadioHead/}
}

@misc
{newping,
author={Tim Eckel},
title={Présentation de la bibliothèque \textsc{N}ew\textsc{P}ing},
month={},
year={},
note={http://playground.arduino.cc/Code/NewPing}
}

@misc
{fritzing,
author={},
title={Site \textsc{I}nternet du logiciel \textsc{F}ritzing},
month={},
year={},
note={http://fritzing.org/home/}
}

@misc
{gitbit,
author={},
title={Git\textsc{H}ub de \textsc{B}itcraze},
month={},
year={},
note={https://github.com/bitcraze}
}

@misc
{robafis,
author={},
title={Site \textsc{I}nternet de \textsc{R}ob\textsc{AFIS}},
month={},
year={},
note={http://www.robafis.fr/RobAFIS/Bienvenue.html}
}

@misc
{polytechinstru,
author={},
title={Site \textsc{I}nternet de \textsc{P}olytech \textsc{I}nstrumentation},
month={},
year={},
note={http://www.polytech-instrumentation.fr/fr/p-idp1000000074/accueil.html}
}

@misc
{jeulin,
author={},
title={Site \textsc{I}nternet de \textsc{J}eulin},
month={},
year={},
note={http://www.jeulin.fr/fr/p-idp1024135/accueil.html}
}

